<?xml version="1.0" encoding="UTF-8"?><collection xmlns="http://www.loc.gov/MARC21/slim"><record><leader>00355nam--2200133-i-4500</leader><controlfield tag="001">000050191</controlfield><controlfield tag="002">20161230</controlfield><controlfield tag="005">20161230201048</controlfield><controlfield tag="008">060222s1000------------r-----000-0-eng-d</controlfield><datafield ind1=" " ind2=" " tag="080"><subfield code="a">517.977.5</subfield></datafield><datafield ind1=" " ind2=" " tag="100"><subfield code="a">Optimalnoe Uravkenie Sistemami S Neopredelennoi Informaciei</subfield></datafield><datafield ind1=" " ind2=" " tag="245"><subfield code="a">Cverdlovsk, unc an sssr, 1980. 152 s</subfield></datafield><datafield ind1=" " ind2=" " tag="700"><subfield code="a">Baidosov,V.A</subfield></datafield><datafield ind1=" " ind2=" " tag="852"><subfield code="a">49879</subfield></datafield></record></collection>